@INPROCEEDINGS{Rimes2006,
   author = {{Rimes}, C.~D. and {Hamilton}, A.~J.~S.},
    title = "{Cosmological Parameters from the Non-Linear Power Spectrum?}",
booktitle = {American Astronomical Society Meeting Abstracts \#207},
     year = 2006,
   series = {American Astronomical Society Meeting Abstracts},
   volume = 207,
    month = jun,
      eid = {206.01},
    pages = {206.01},
   adsurl = {http://adsabs.harvard.edu/abs/2006AAS...20720601R},
  adsnote = {Provided by the SAO/NASA Astrophysics Data System}
}

@ARTICLE{bib:Lee2008,
   author = {{Lee}, J. and {Pen}, U.-L.},
    title = "{Information Content in the Galaxy Angular Power Spectrum from the Sloan Digital Sky Survey and Its Implication on Weak-Lensing Analysis}",
  journal = {\apjl},
archivePrefix = "arXiv",
   eprint = {0807.1538},
 keywords = {cosmology: theory, large-scale structure of universe, methods: statistical },
     year = 2008,
    month = oct,
   volume = 686,
      eid = {L1},
    pages = {L1},
      doi = {10.1086/592820},
   adsurl = {http://adsabs.harvard.edu/abs/2008ApJ...686L...1L},
  adsnote = {Provided by the SAO/NASA Astrophysics Data System}
}

@ARTICLE{Mark2006,
   author = {{Neyrinck}, M.~C. and {Szapudi}, I. and {Rimes}, C.~D.},
    title = "{Information content in the halo-model dark-matter power spectrum}",
  journal = {\mnras},
   eprint = {astro-ph/0604282},
 keywords = {cosmology: theory , dark matter , large-scale structure of Universe},
     year = 2006,
    month = jul,
   volume = 370,
    pages = {L66-L70},
      doi = {10.1111/j.1745-3933.2006.00190.x},
   adsurl = {http://adsabs.harvard.edu/abs/2006MNRAS.370L..66N},
  adsnote = {Provided by the SAO/NASA Astrophysics Data System}
}

@ARTICLE{bib:Mark2009,
   author = {{Neyrinck}, M.~C. and {Szapudi}, I. and {Szalay}, A.~S.},
    title = "{Rejuvenating the Matter Power Spectrum: Restoring Information with a Logarithmic Density Mapping}",
  journal = {\apjl},
archivePrefix = "arXiv",
   eprint = {0903.4693},
 primaryClass = "astro-ph.CO",
 keywords = {cosmology: theory, large-scale structure of universe, methods: statistical},
     year = 2009,
    month = jun,
   volume = 698,
    pages = {L90-L93},
      doi = {10.1088/0004-637X/698/2/L90},
   adsurl = {http://adsabs.harvard.edu/abs/2009ApJ...698L..90N},
  adsnote = {Provided by the SAO/NASA Astrophysics Data System}
}

@ARTICLE{Zhang2011,
   author = {{Zhang}, T.-J. and {Yu}, H.-R. and {Harnois-D{\'e}raps}, J. and 
	{MacDonald}, I. and {Pen}, U.-L.},
    title = "{Increasing the Fisher Information Content in the Matter Power Spectrum by Nonlinear Wavelet Wiener Filtering}",
  journal = {\apj},
archivePrefix = "arXiv",
   eprint = {1008.3506},
 primaryClass = "astro-ph.CO",
 keywords = {cosmology: theory, dark matter, large-scale structure of universe, methods: statistical},
     year = 2011,
    month = feb,
   volume = 728,
      eid = {35},
    pages = {35},
      doi = {10.1088/0004-637X/728/1/35},
   adsurl = {http://adsabs.harvard.edu/abs/2011ApJ...728...35Z},
  adsnote = {Provided by the SAO/NASA Astrophysics Data System}
}

@ARTICLE{bib:Yu2012,
   author = {{Yu}, H.-R. and {Harnois-D{\'e}raps}, J. and {Zhang}, T.-J. and 
	{Pen}, U.-L.},
    title = "{Information content in the angular power spectrum of weak lensing: wavelet method}",
  journal = {\mnras},
archivePrefix = "arXiv",
   eprint = {1012.0444},
 primaryClass = "astro-ph.CO",
 keywords = {gravitational lensing: weak, methods: statistical, cosmology: theory, dark matter},
     year = 2012,
    month = mar,
   volume = 421,
    pages = {832-840},
      doi = {10.1111/j.1365-2966.2011.20360.x},
   adsurl = {http://adsabs.harvard.edu/abs/2012MNRAS.421..832Y},
  adsnote = {Provided by the SAO/NASA Astrophysics Data System}
}

@INPROCEEDINGS{bib:Mark2014,
   author = {{Neyrinck}, M.~C.},
    title = "{Transformationally decoupling clustering and tracer bias}",
 keywords = {large-scale structure of universe, cosmology: theory, methods: statistical,},
booktitle = {Statistical Challenges in 21st Century Cosmology},
     year = 2014,
   series = {IAU Symposium},
   volume = 306,
archivePrefix = "arXiv",
   eprint = {1407.4815},
   editor = {{Heavens}, A. and {Starck}, J.-L. and {Krone-Martins}, A.},
    month = may,
    pages = {251-254},
      doi = {10.1017/S1743921314013702},
   adsurl = {http://adsabs.harvard.edu/abs/2014IAUS..306..251N},
  adsnote = {Provided by the SAO/NASA Astrophysics Data System}
}

@ARTICLE{bib:Pen1995,
   author = {{Pen}, U.-L.},
    title = "{A Linear Moving Adaptive Particle-Mesh N-Body Algorithm}",
  journal = {\apjs},
 keywords = {METHODS: NUMERICAL},
     year = 1995,
    month = sep,
   volume = 100,
    pages = {269},
      doi = {10.1086/192219},
   adsurl = {http://adsabs.harvard.edu/abs/1995ApJS..100..269P},
  adsnote = {Provided by the SAO/NASA Astrophysics Data System}
}

@ARTICLE{bib:Pen1998,
   author = {{Pen}, U.-L.},
    title = "{A High-Resolution Adaptive Moving Mesh Hydrodynamic Algorithm}",
  journal = {\apjs},
   eprint = {astro-ph/9704258},
 keywords = {HYDRODYNAMICS, COSMOLOGY: LARGE-SCALE STRUCTURE OF UNIVERSE, METHODS: NUMERICAL, Hydrodynamics, Cosmology: Large-Scale Structure of Universe, Methods: Numerical},
     year = 1998,
    month = mar,
   volume = 115,
    pages = {19-34},
      doi = {10.1086/313074},
   adsurl = {http://adsabs.harvard.edu/abs/1998ApJS..115...19P},
  adsnote = {Provided by the SAO/NASA Astrophysics Data System}
}

@ARTICLE{bib:Zhu2016,
   author = {{Zhu}, H.-M. and {Pen}, U.-L. and {Chen}, X.},
    title = "{Primordial density and BAO reconstruction}",
  journal = {ArXiv e-prints},
archivePrefix = "arXiv",
   eprint = {1609.07041},
 keywords = {Astrophysics - Cosmology and Nongalactic Astrophysics},
     year = 2016,
    month = sep,
   adsurl = {http://adsabs.harvard.edu/abs/2016arXiv160907041Z},
  adsnote = {Provided by the SAO/NASA Astrophysics Data System}
}


